<record><leader>02987cam a2200421 i 4500</leader><controlfield tag="001">6790539</controlfield><controlfield tag="003">OCoLC</controlfield><controlfield tag="005">20150113121935.0</controlfield><controlfield tag="008">140703s2015    nyua     b    001 0 eng  </controlfield><datafield ind1=" " ind2=" " tag="010"><subfield code="a">  2014024763</subfield></datafield><datafield ind1=" " ind2=" " tag="015"><subfield code="a">GBB4D2910</subfield><subfield code="2">bnb</subfield></datafield><datafield ind1="7" ind2=" " tag="016"><subfield code="a">016954083</subfield><subfield code="2">Uk</subfield></datafield><datafield ind1=" " ind2=" " tag="020"><subfield code="a">9780199940042</subfield><subfield code="q">hardcover</subfield></datafield><datafield ind1=" " ind2=" " tag="020"><subfield code="a">0199940045</subfield><subfield code="q">hardcover</subfield></datafield><datafield ind1=" " ind2=" " tag="035"><subfield code="a">ocn883207252</subfield></datafield><datafield ind1=" " ind2=" " tag="040"><subfield code="a">DLC</subfield><subfield code="e">rda</subfield><subfield code="b">eng</subfield><subfield code="c">DLC</subfield><subfield code="d">YDX</subfield><subfield code="d">BTCTA</subfield><subfield code="d">EU0</subfield><subfield code="d">UKMGB</subfield><subfield code="d">CDX</subfield><subfield code="d">YDXCP</subfield><subfield code="d">OCLCO</subfield><subfield code="d">UAB</subfield><subfield code="d">AEU</subfield></datafield><datafield ind1=" " ind2=" " tag="042"><subfield code="a">pcc</subfield></datafield><datafield ind1="0" ind2="0" tag="050"><subfield code="a">H61.26</subfield><subfield code="b">.O94 2015</subfield></datafield><datafield ind1="0" ind2="0" tag="082"><subfield code="a">330.01/5195</subfield><subfield code="2">23</subfield></datafield><datafield ind1=" " ind2=" " tag="090"><subfield code="a">H 61.26 O94 2015</subfield><subfield code="b">AEU</subfield></datafield><datafield ind1="0" ind2="4" tag="245"><subfield code="a">The Oxford handbook of panel data /</subfield><subfield code="c">edited by Badi H. Baltagi.</subfield></datafield><datafield ind1="3" ind2="0" tag="246"><subfield code="a">Handbook of panel data</subfield></datafield><datafield ind1="3" ind2="0" tag="246"><subfield code="a">Panel data</subfield></datafield><datafield ind1=" " ind2="1" tag="264"><subfield code="a">New York, NY :</subfield><subfield code="b">Oxford University Press,</subfield><subfield code="c">[2015]</subfield></datafield><datafield ind1=" " ind2=" " tag="300"><subfield code="a">xv, 683 pages :</subfield><subfield code="b">illustrations ;</subfield><subfield code="c">26 cm</subfield></datafield><datafield ind1=" " ind2=" " tag="336"><subfield code="a">text</subfield><subfield code="b">txt</subfield><subfield code="2">rdacontent</subfield></datafield><datafield ind1=" " ind2=" " tag="337"><subfield code="a">unmediated</subfield><subfield code="b">n</subfield><subfield code="2">rdamedia</subfield></datafield><datafield ind1=" " ind2=" " tag="338"><subfield code="a">volume</subfield><subfield code="b">nc</subfield><subfield code="2">rdacarrier</subfield></datafield><datafield ind1="1" ind2=" " tag="490"><subfield code="a">Oxford handbooks</subfield></datafield><datafield ind1=" " ind2=" " tag="504"><subfield code="a">Includes bibliographical references and indexes.</subfield></datafield><datafield ind1="0" ind2=" " tag="505"><subfield code="a">Large panel data models with cross-sectional dependence : a survey / Alexander Chudik and M. Hashem Pesaran -- Panel Cointegration / In Choi -- Dynamic panel data models / Maurice J.G. Bun and Vasilis Sarafidis -- Incidental parameters and dynamic panel modeling / Hyungsik Roger Moon, Benoit Perron, and Peter C.B. Phillips -- Unbalanced panel data models with interactive effects / Jushan Bai, Yuan Liao, and Jisheng Yang -- Panel data models for discrete choice / William Greene -- Panel conditional and multinomial logit estimators / Myoung-Jae Lee -- Count Panel data / A. Colin Cameron and Pravin K. Trivedi -- Treatment effects and panel data / Michael Lechner -- Nonparametric panel data regression models / Yiguo Sun, Yu Yvette Zhang, and Qi Li -- Measurement error in panel data / Erik Meijer, Laura Spierdijk, and Tom Wansbeek -- Spatial panel data models / Lung-Fei Lee and Jihai Yu -- Random coefficients models in panels / Cheng Hsiao -- Robust panel data methods and influential observations / Badi H. Baltagi and George Bresson -- The analysis of macroeconomic panel data / J&#246;rg Breitung -- Cohort data in health economics / Stephanie Von Hinke Kessler Scholder and Andrew M. Jones -- Panel data and productivity measurement / Robin C. Sickles, Jiaqi Hao and Chenjun Shang -- Panel data discrete choice models of consumer demand / Michael P. Keane -- Panel econometrics of labor market outcomes / Thomas J. Kniesner and James P. Ziliak -- Panel data gravity models of international trade / Badi H. Baltagi, Peter Egger, and Michael Pfaffermayr.</subfield></datafield><datafield ind1=" " ind2=" " tag="596"><subfield code="a">43</subfield></datafield><datafield ind1=" " ind2="0" tag="650"><subfield code="a">Panel analysis.</subfield></datafield><datafield ind1=" " ind2="0" tag="650"><subfield code="a">Econometrics.</subfield></datafield><datafield ind1="1" ind2=" " tag="700"><subfield code="a">Baltagi, Badi H.</subfield><subfield code="q">(Badi Hani),</subfield><subfield code="e">editor.</subfield></datafield><datafield ind1=" " ind2="0" tag="830"><subfield code="a">Oxford handbooks.</subfield></datafield><datafield ind1=" " ind2=" " tag="949"><subfield code="a">H 61.26 O94 2015</subfield><subfield code="c">1</subfield><subfield code="h">UAHS-B</subfield><subfield code="i">0162035222288</subfield></datafield><datafield ind1=" " ind2=" " tag="926"><subfield code="a">H 61.26 O94 2015</subfield><subfield code="w">LC</subfield><subfield code="c">1</subfield><subfield code="i">0162035222288</subfield><subfield code="d">2/22/2017</subfield><subfield code="e">2/22/2017</subfield><subfield code="k">CHECKEDOUT</subfield><subfield code="l">ON_SHELF</subfield><subfield code="m">UAHSS</subfield><subfield code="n">2</subfield><subfield code="p">$150.00</subfield><subfield code="r">M</subfield><subfield code="s">Y</subfield><subfield code="t">BOOK</subfield><subfield code="u">1/28/2015</subfield></datafield></record>